@inproceedings{RCNN,
 author = {Girshick, Ross and Donahue, Jeff and Darrell, Trevor and Malik, Jitendra},
 title = {Rich Feature Hierarchies for Accurate Object Detection and Semantic Segmentation},
 booktitle = {Proceedings of the 2014 IEEE Conference on Computer Vision and Pattern Recognition},
 series = {CVPR '14},
 year = {2014},
 isbn = {978-1-4799-5118-5},
 pages = {580--587},
 numpages = {8},
 url = {https://doi.org/10.1109/CVPR.2014.81},
 doi = {10.1109/CVPR.2014.81},
 acmid = {2679851},
 publisher = {IEEE Computer Society},
 address = {Washington, DC, USA},
} 

@INPROCEEDINGS{fastRCNN, 
author={R. Girshick}, 
booktitle={2015 IEEE International Conference on Computer Vision (ICCV)}, 
title={Fast R-CNN}, 
year={2015}, 
volume={}, 
number={}, 
pages={1440-1448}, 
keywords={feedforward neural nets;object detection;C++;Caffe;Python;VGG16 network;fast R-CNN;fast region-based convolutional network method;object detection;open-source MIT License;Computer architecture;Feature extraction;Object detection;Open source software;Pipelines;Proposals;Training}, 
doi={10.1109/ICCV.2015.169}, 
ISSN={}, 
month={Dec},}

@INPROCEEDINGS{SelectiveSearch, 
author={K. E. A. van de Sande and J. R. R. Uijlings and T. Gevers and A. W. M. Smeulders}, 
booktitle={2011 International Conference on Computer Vision}, 
title={Segmentation as selective search for object recognition}, 
year={2011}, 
volume={}, 
number={}, 
pages={1879-1886}, 
keywords={image segmentation;object recognition;search problems;bag-of-words method;exhaustive search;object recognition;segmentation;selective search;Image color analysis;Image segmentation;Support vector machines}, 
doi={10.1109/ICCV.2011.6126456}, 
ISSN={1550-5499}, 
month={Nov},}

@ARTICLE{SPP, 
author={K. He and X. Zhang and S. Ren and J. Sun}, 
journal={IEEE Transactions on Pattern Analysis and Machine Intelligence}, 
title={Spatial Pyramid Pooling in Deep Convolutional Networks for Visual Recognition}, 
year={2015}, 
volume={37}, 
number={9}, 
pages={1904-1916}, 
keywords={Accuracy;Agriculture;Convolutional codes;Feature extraction;Testing;Training;Vectors;Convolutional Neural Networks;Convolutional neural networks;Image Classification;Object Detection;Spatial Pyramid Pooling;image classification;object detection;spatial pyramid pooling;Algorithms;Animals;Humans;Image Processing, Computer-Assisted;Neural Networks (Computer);Pattern Recognition, Automated}, 
doi={10.1109/TPAMI.2015.2389824}, 
ISSN={0162-8828}, 
month={Sept},}

@ARTICLE{fasterRCNN, 
author={S. Ren and K. He and R. Girshick and J. Sun}, 
journal={IEEE Transactions on Pattern Analysis and Machine Intelligence}, 
title={Faster R-CNN: Towards Real-Time Object Detection with Region Proposal Networks}, 
year={2017}, 
volume={39}, 
number={6}, 
pages={1137-1149}, 
keywords={graphics processing units;neural nets;object detection;COCO 2015 competitions;GPU;ILSVRC;MS COCO datasets;PASCAL VOC 2007;PASCAL VOC 2012;RPN;attention mechanisms;deep VGG-16 model;faster-R-CNN;full-image convolutional features;high-quality region proposals;object detection accuracy;real-time object detection;region proposal networks;Convolutional codes;Detectors;Feature extraction;Object detection;Proposals;Search problems;Training;Object detection;convolutional neural network;region proposal}, 
doi={10.1109/TPAMI.2016.2577031}, 
ISSN={0162-8828}, 
month={June},}

@INPROCEEDINGS{BING, 
author={M. M. Cheng and Z. Zhang and W. Y. Lin and P. Torr}, 
booktitle={2014 IEEE Conference on Computer Vision and Pattern Recognition}, 
title={BING: Binarized Normed Gradients for Objectness Estimation at 300fps}, 
year={2014}, 
volume={}, 
number={}, 
pages={3286-3293}, 
keywords={gradient methods;image colour analysis;object detection;BING;PASCAL VOC 2007 dataset;binarized normed gradients;color spaces;generic objectness measure;image windows;object windows;objectness estimation;sliding window object detection paradigm;Detectors;Feature extraction;Image color analysis;Object detection;Proposals;Training;Vectors;Objectness;binary coding;detection;proposals;realtime;saliency;visual attention}, 
doi={10.1109/CVPR.2014.414}, 
ISSN={1063-6919}, 
month={June},}

@INPROCEEDINGS{CRAFT, 
author={B. Yang and J. Yan and Z. Lei and S. Z. Li}, 
booktitle={2016 IEEE Conference on Computer Vision and Pattern Recognition (CVPR)}, 
title={CRAFT Objects from Images}, 
year={2016}, 
volume={}, 
number={}, 
pages={6043-6051}, 
keywords={cascade networks;image classification;neural nets;object detection;CRAFT objects;ILSVRC;PASCAL VOC 07/12;R-CNN framework;cascade regionproposal-network and fast-rcnn;divide and conquer solution;image object proposal generation;image understanding;images;intercategory variances;intracategory variances;network cascade;object classification;object detection;proposal classification;Benchmark testing;Computer vision;Object detection;Pipelines;Proposals;Search problems;Support vector machines}, 
doi={10.1109/CVPR.2016.650}, 
ISSN={}, 
month={June},}

@ARTICLE{CraftingGBD, 
author={X. Zeng and W. Ouyang and J. Yan and H. Li and T. Xiao and K. Wang and Y. Liu and Y. Zhou and B. Yang and Z. Wang and H. Zhou and X. Wang}, 
journal={IEEE Transactions on Pattern Analysis and Machine Intelligence}, 
title={Crafting GBD-Net for Object Detection}, 
year={2018}, 
volume={}, 
number={}, 
pages={1-1}, 
keywords={Feature extraction;Head;Logic gates;Object detection;Proposals;Rabbits;Visualization;CNN;Convolutional neural network;deep learning;deep model;object detection}, 
doi={10.1109/TPAMI.2017.2745563}, 
ISSN={0162-8828}, 
month={},}

@INPROCEEDINGS{DeepBox, 
author={W. Kuo and B. Hariharan and J. Malik}, 
booktitle={2015 IEEE International Conference on Computer Vision (ICCV)}, 
title={DeepBox: Learning Objectness with Convolutional Networks}, 
year={2015}, 
volume={}, 
number={}, 
pages={2479-2487}, 
keywords={neural nets;object detection;DeepBox;bottom-up ranking;convolutional neural network;four-layer CNN architecture;learning objectness;object proposals;Computer architecture;Image edge detection;Image segmentation;Proposals;Semantics;Training}, 
doi={10.1109/ICCV.2015.285}, 
ISSN={}, 
month={Dec},}

@InProceedings{EdgeBoxes,
author="Zitnick, C. Lawrence
and Doll{\'a}r, Piotr",
editor="Fleet, David
and Pajdla, Tomas
and Schiele, Bernt
and Tuytelaars, Tinne",
title="Edge Boxes: Locating Object Proposals from Edges",
booktitle="Computer Vision -- ECCV 2014",
year="2014",
publisher="Springer International Publishing",
address="Cham",
pages="391--405",
}

@INPROCEEDINGS{DeepProposal, 
author={A. Ghodrati and A. Diba and M. Pedersoli and T. Tuytelaars and L. V. Gool}, 
booktitle={2015 IEEE International Conference on Computer Vision (ICCV)}, 
title={DeepProposal: Hunting Objects by Cascading Deep Convolutional Layers}, 
year={2015}, 
volume={}, 
number={}, 
pages={2578-2586}, 
keywords={feature extraction;neural nets;object detection;CNN features;CNN-based detector;DeepProposal;activation layer quality evaluation;convolutional neural network;deep convolutional layers;feature extraction;feature map coarseness;hypothesis generation;integral images;inverse cascade;object localization;object proposal generation;state-of-the-art detection performance;Aggregates;Detectors;Feature extraction;Image edge detection;Object detection;Pipelines;Proposals}, 
doi={10.1109/ICCV.2015.296}, 
ISSN={}, 
month={Dec},}


@INPROCEEDINGS{Cascadedcnn, 
author={Y. Guo and X. Guo and Z. Jiang and Y. Zhou}, 
booktitle={2017 IEEE Visual Communications and Image Processing (VCIP)}, 
title={Cascaded convolutional neural networks for object detection}, 
year={2017}, 
volume={}, 
number={}, 
pages={1-4}, 
keywords={image classification;neural nets;object detection;binary classifier;convolutional neural networks;object categories;object class;object detection;object locations;original region proposal network;Benchmark testing;Convolutional neural networks;Feature extraction;Object detection;Proposals;Task analysis;Training}, 
doi={10.1109/VCIP.2017.8305026}, 
ISSN={}, 
month={Dec},}

@ARTICLE{GroupRecursive, 
author={J. Li and X. Liang and J. Li and Y. Wei and T. Xu and J. Feng and S. Yan}, 
journal={IEEE Transactions on Multimedia}, 
title={Multi-stage Object Detection with Group Recursive Learning}, 
year={2017}, 
volume={}, 
number={}, 
pages={1-1}, 
keywords={Computer architecture;Feature extraction;Image segmentation;Object detection;Proposals;Semantics}, 
doi={10.1109/TMM.2017.2772796}, 
ISSN={1520-9210}, 
month={},}


@INPROCEEDINGS{MTCNN, 
author={J. Xiang and G. Zhu}, 
booktitle={2017 4th International Conference on Information Science and Control Engineering (ICISCE)}, 
title={Joint Face Detection and Facial Expression Recognition with MTCNN}, 
year={2017}, 
volume={}, 
number={}, 
pages={424-427}, 
keywords={convolution;emotion recognition;face recognition;neural nets;FER2013 datasets;MTCNN;Multitask Cascaded Convolutional Networks;facial expression recognition;joint face detection;Face;Face detection;Face recognition;Feature extraction;Neural networks;Training;MTCNN;convolutional network;face detection;facial expression recognition}, 
doi={10.1109/ICISCE.2017.95}, 
ISSN={}, 
month={July},}


@INPROCEEDINGS{CoupleNet, 
author={Y. Zhu and C. Zhao and J. Wang and X. Zhao and Y. Wu and H. Lu}, 
booktitle={2017 IEEE International Conference on Computer Vision (ICCV)}, 
title={CoupleNet: Coupling Global Structure with Local Parts for Object Detection}, 
year={2017}, 
volume={}, 
number={}, 
pages={4146-4154}, 
keywords={convolution;image classification;neural nets;object detection;Convolutional Neural Network detectors;CoupleNet;Region Proposal Network;classification subnetwork;global structure information;novel fully convolutional network;object detection;position-sensitive RoI pooling;position-sensitive score maps;region proposal subnetwork;Couplings;Detectors;Feature extraction;Object detection;Proposals;Visualization}, 
doi={10.1109/ICCV.2017.444}, 
ISSN={}, 
month={Oct},}


@INPROCEEDINGS{SDP, 
author={F. Yang and W. Choi and Y. Lin}, 
booktitle={2016 IEEE Conference on Computer Vision and Pattern Recognition (CVPR)}, 
title={Exploit All the Layers: Fast and Accurate CNN Object Detector with Scale Dependent Pooling and Cascaded Rejection Classifiers}, 
year={2016}, 
volume={}, 
number={}, 
pages={2129-2137}, 
keywords={image classification;neural nets;object detection;CNN object detector;Inner-city dataset;KITTI object detection benchmark;PASCAL object detection challenge;SDP;deep convolutional neural networks;layerwise cascaded rejection classifiers;scale dependent pooling;Convolution;Detectors;Feature extraction;Neural networks;Object detection;Proposals;Semantics}, 
doi={10.1109/CVPR.2016.234}, 
ISSN={}, 
month={June},}

@INPROCEEDINGS{SSH, 
author={M. Najibi and P. Samangouei and R. Chellappa and L. S. Davis}, 
booktitle={2017 IEEE International Conference on Computer Vision (ICCV)}, 
title={SSH: Single Stage Headless Face Detector}, 
year={2017}, 
volume={}, 
number={}, 
pages={4885-4894}, 
keywords={face recognition;feedforward neural nets;image classification;object detection;FDDB dataset;Pascal-Faces dataset;SSH fast;WIDER dataset;classification network;convolutional layers;face detection;headless VGG-16;image pyramid;single stage headless face detector;Detectors;Face;Face detection;Feature extraction;Proposals}, 
doi={10.1109/ICCV.2017.522}, 
ISSN={}, 
month={Oct},}

@article{MSCNN,
  author    = {Zhaowei Cai and
               Quanfu Fan and
               Rog{\'{e}}rio Schmidt Feris and
               Nuno Vasconcelos},
  title     = {A Unified Multi-scale Deep Convolutional Neural Network for Fast Object
               Detection},
  journal   = {CoRR},
  volume    = {abs/1607.07155},
  year      = {2016},
  url       = {http://arxiv.org/abs/1607.07155},
  archivePrefix = {arXiv},
  eprint    = {1607.07155},
  timestamp = {Wed, 07 Jun 2017 14:42:04 +0200},
  biburl    = {https://dblp.org/rec/bib/journals/corr/CaiFFV16},
  bibsource = {dblp computer science bibliography, https://dblp.org}
}

@INPROCEEDINGS{FPN, 
author={T. Y. Lin and P. Dollár and R. Girshick and K. He and B. Hariharan and S. Belongie}, 
booktitle={2017 IEEE Conference on Computer Vision and Pattern Recognition (CVPR)}, 
title={Feature Pyramid Networks for Object Detection}, 
year={2017}, 
volume={}, 
number={}, 
pages={936-944}, 
keywords={feature extraction;image representation;neural nets;object detection;object recognition;COCO detection benchmark;FPN;Feature Pyramid Network;basic Faster R-CNN system;deep convolutional networks;generic feature extractor;high-level semantic feature maps;multiscale object detection;pyramid representations;pyramidal hierarchy;Computer architecture;Detectors;Feature extraction;Object detection;Proposals;Robustness;Semantics}, 
doi={10.1109/CVPR.2017.106}, 
ISSN={1063-6919}, 
month={July},}

@INPROCEEDINGS{RetinaNet, 
author={T. Y. Lin and P. Goyal and R. Girshick and K. He and P. Dollár}, 
booktitle={2017 IEEE International Conference on Computer Vision (ICCV)}, 
title={Focal Loss for Dense Object Detection}, 
year={2017}, 
volume={}, 
number={}, 
pages={2999-3007}, 
keywords={convolution;entropy;image classification;neural nets;object detection;R-CNN;candidate object locations;classifier;cross entropy loss reshaping;dense detectors training;dense object detection;extreme foreground-background class imbalance;focal loss;object detectors;sparse set;two-stage approach;Computer vision;Detectors;Entropy;Object detection;Proposals;Robustness;Training}, 
doi={10.1109/ICCV.2017.324}, 
ISSN={}, 
month={Oct},}

